@article{BhuiyanAK08,
  author    = {Sharif M. A. Bhuiyan and
               Reza R. Adhami and
               Jesmin F. Khan},
  title     = {Fast and Adaptive Bidimensional Empirical Mode Decomposition Using
               Order-Statistics Filter Based Envelope Estimation},
  journal   = {{EURASIP} J. Adv. Sig. Proc.},
  year      = {2008},
  url       = {http://dx.doi.org/10.1155/2008/728356},
  doi       = {10.1155/2008/728356},
  timestamp = {Mon, 28 Feb 2011 11:25:17 +0100},
  biburl    = {http://dblp.uni-trier.de/rec/bib/journals/ejasp/BhuiyanAK08},
  bibsource = {dblp computer science bibliography, http://dblp.org}
}

